{
  "leader": "02778cam a2200517 i 4500",
  "fields": [
    {
      "001": "ocm05726210\\"
    },
    {
      "003": "OCoLC"
    },
    {
      "005": "20221206164428.0"
    },
    {
      "008": "791105s1979\\\\\\\\nyua\\\\\\\\\\b\\\\\\\\001\\0\\eng\\\\"
    },
    {
      "010": {
        "ind1": "\\",
        "ind2": "\\",
        "subfields": [
          {
            "a": "   79024657 "
          }
        ]
      }
    },
    {
      "040": {
        "ind1": "\\",
        "ind2": "\\",
        "subfields": [
          {
            "a": "DLC"
          },
          {
            "b": "eng"
          },
          {
            "c": "DLC"
          },
          {
            "d": "NLGGC"
          },
          {
            "d": "BTCTA"
          },
          {
            "d": "AU@"
          },
          {
            "d": "CHVBK"
          },
          {
            "d": "YDXCP"
          },
          {
            "d": "GBVCP"
          },
          {
            "d": "SGB"
          },
          {
            "d": "OCLCO"
          },
          {
            "d": "IAD"
          },
          {
            "d": "OCLCF"
          },
          {
            "d": "OCLCA"
          },
          {
            "d": "OCLCQ"
          },
          {
            "d": "OCLCO"
          },
          {
            "d": "DEBBG"
          },
          {
            "d": "EYG"
          },
          {
            "d": "OCLCO"
          },
          {
            "d": "XFF"
          },
          {
            "d": "OCLCQ"
          },
          {
            "d": "NLC"
          },
          {
            "d": "CSJ"
          },
          {
            "d": "OCLCO"
          },
          {
            "d": "DOS"
          },
          {
            "d": "OCLCO"
          },
          {
            "d": "OCLCQ"
          },
          {
            "d": "GZM"
          },
          {
            "d": "CPO"
          },
          {
            "d": "OCLCQ"
          },
          {
            "d": "OCLCO"
          },
          {
            "d": "BGU"
          },
          {
            "d": "OCLCO"
          },
          {
            "d": "CSO"
          },
          {
            "d": "OCLCO"
          },
          {
            "d": "OCLCA"
          },
          {
            "d": "COH"
          },
          {
            "d": "OCLCO"
          },
          {
            "d": "UOO"
          },
          {
            "d": "OCLCO"
          },
          {
            "d": "CCS"
          },
          {
            "d": "OCLCO"
          },
          {
            "d": "CBA"
          },
          {
            "d": "OCLCO"
          },
          {
            "d": "OKS"
          },
          {
            "d": "OCLCO"
          },
          {
            "d": "SAR"
          },
          {
            "d": "OCLCO"
          },
          {
            "d": "UKMGB"
          },
          {
            "d": "NKM"
          }
        ]
      }
    },
    {
      "016": {
        "ind1": "\\",
        "ind2": "\\",
        "subfields": [
          {
            "a": "(AMICUS)000001148781"
          }
        ]
      }
    },
    {
      "016": {
        "ind1": "7",
        "ind2": "\\",
        "subfields": [
          {
            "a": "039-30133"
          },
          {
            "2": "Uk"
          }
        ]
      }
    },
    {
      "016": {
        "ind1": "7",
        "ind2": "\\",
        "subfields": [
          {
            "a": "011952215"
          },
          {
            "2": "Uk"
          }
        ]
      }
    },
    {
      "019": {
        "ind1": "\\",
        "ind2": "\\",
        "subfields": [
          {
            "a": "5718152"
          },
          {
            "a": "1004807214"
          },
          {
            "a": "1166475457"
          },
          {
            "a": "1166506372"
          }
        ]
      }
    },
    {
      "020": {
        "ind1": "\\",
        "ind2": "\\",
        "subfields": [
          {
            "a": "0393013340"
          }
        ]
      }
    },
    {
      "020": {
        "ind1": "\\",
        "ind2": "\\",
        "subfields": [
          {
            "a": "9780393013344"
          }
        ]
      }
    },
    {
      "035": {
        "ind1": "\\",
        "ind2": "\\",
        "subfields": [
          {
            "a": "(OCoLC)5726210"
          },
          {
            "z": "(OCoLC)5718152"
          },
          {
            "z": "(OCoLC)1004807214"
          },
          {
            "z": "(OCoLC)1166475457"
          },
          {
            "z": "(OCoLC)1166506372"
          }
        ]
      }
    },
    {
      "050": {
        "ind1": "0",
        "ind2": "0",
        "subfields": [
          {
            "a": "TL154"
          },
          {
            "b": ".B74 1979"
          }
        ]
      }
    },
    {
      "055": {
        "ind1": "\\",
        "ind2": "3",
        "subfields": [
          {
            "a": "tl 154"
          },
          {
            "b": "b74"
          }
        ]
      }
    },
    {
      "082": {
        "ind1": "0",
        "ind2": "0",
        "subfields": [
          {
            "a": "629.232"
          },
          {
            "b": "BRO"
          }
        ]
      }
    },
    {
      "100": {
        "ind1": "1",
        "ind2": "\\",
        "subfields": [
          {
            "a": "Brown, Lester R."
          },
          {
            "q": "(Lester Russell),"
          },
          {
            "d": "1934-"
          }
        ]
      }
    },
    {
      "245": {
        "ind1": "1",
        "ind2": "0",
        "subfields": [
          {
            "a": "Running on empty :"
          },
          {
            "b": "the future of the automobile in an oil-short world /"
          },
          {
            "c": "Lester R. Brown, Christopher Flavin, Colin Norman."
          }
        ]
      }
    },
    {
      "250": {
        "ind1": "\\",
        "ind2": "\\",
        "subfields": [
          {
            "a": "1st ed."
          }
        ]
      }
    },
    {
      "260": {
        "ind1": "\\",
        "ind2": "\\",
        "subfields": [
          {
            "a": "New York :"
          },
          {
            "b": "Norton,"
          },
          {
            "c": "\u00a91979."
          }
        ]
      }
    },
    {
      "300": {
        "ind1": "\\",
        "ind2": "\\",
        "subfields": [
          {
            "a": "ix, 116 pages :"
          },
          {
            "b": "illustrations ;"
          },
          {
            "c": "22 cm"
          }
        ]
      }
    },
    {
      "336": {
        "ind1": "\\",
        "ind2": "\\",
        "subfields": [
          {
            "a": "text"
          },
          {
            "b": "txt"
          },
          {
            "2": "rdacontent"
          }
        ]
      }
    },
    {
      "337": {
        "ind1": "\\",
        "ind2": "\\",
        "subfields": [
          {
            "a": "unmediated"
          },
          {
            "b": "n"
          },
          {
            "2": "rdamedia"
          }
        ]
      }
    },
    {
      "338": {
        "ind1": "\\",
        "ind2": "\\",
        "subfields": [
          {
            "a": "volume"
          },
          {
            "b": "nc"
          },
          {
            "2": "rdacarrier"
          }
        ]
      }
    },
    {
      "490": {
        "ind1": "1",
        "ind2": "\\",
        "subfields": [
          {
            "a": "A World watch Institute book"
          }
        ]
      }
    },
    {
      "500": {
        "ind1": "\\",
        "ind2": "\\",
        "subfields": [
          {
            "a": "\"A Worldwatch Institute book.\""
          }
        ]
      }
    },
    {
      "500": {
        "ind1": "\\",
        "ind2": "\\",
        "subfields": [
          {
            "a": "An expanded version of The future of the automobile in an oil-short world published in 1979 by Worldwatch Institute, Washington."
          }
        ]
      }
    },
    {
      "504": {
        "ind1": "\\",
        "ind2": "\\",
        "subfields": [
          {
            "a": "Includes bibliographical references and index."
          }
        ]
      }
    },
    {
      "520": {
        "ind1": "\\",
        "ind2": "\\",
        "subfields": [
          {
            "a": "This book is an initial assessment of the fast changing oil outlook and its implications for the future of the automobile. Until recently, there was little reason to doubt that the automobile's role would continue to expand for the forseeable future. But that assumption no longer seems so certain. The automobile and the sprawling global auto industry are entering perhaps the most difficult period in their history. Their difficulties stem chiefly from the twin problems of growing precariousness in the world's oil supplies and rapidly rising oil prices."
          }
        ]
      }
    },
    {
      "540": {
        "ind1": "\\",
        "ind2": "\\",
        "subfields": [
          {
            "a": "British Library not licensed to copy"
          },
          {
            "c": "0."
          },
          {
            "5": "Uk"
          }
        ]
      }
    },
    {
      "650": {
        "ind1": "\\",
        "ind2": "0",
        "subfields": [
          {
            "a": "Automobiles."
          }
        ]
      }
    },
    {
      "650": {
        "ind1": "\\",
        "ind2": "0",
        "subfields": [
          {
            "a": "Automobiles"
          },
          {
            "x": "Social aspects."
          }
        ]
      }
    },
    {
      "650": {
        "ind1": "\\",
        "ind2": "7",
        "subfields": [
          {
            "a": "Automobiles."
          },
          {
            "2": "fast"
          },
          {
            "0": "(OCoLC)fst00823232"
          }
        ]
      }
    },
    {
      "650": {
        "ind1": "\\",
        "ind2": "7",
        "subfields": [
          {
            "a": "Automobiles"
          },
          {
            "x": "Social aspects."
          },
          {
            "2": "fast"
          },
          {
            "0": "(OCoLC)fst00823880"
          }
        ]
      }
    },
    {
      "700": {
        "ind1": "1",
        "ind2": "\\",
        "subfields": [
          {
            "a": "Flavin, Christopher,"
          },
          {
            "e": "author."
          }
        ]
      }
    },
    {
      "700": {
        "ind1": "1",
        "ind2": "\\",
        "subfields": [
          {
            "a": "Norman, Colin,"
          },
          {
            "d": "1946-"
          },
          {
            "e": "author."
          }
        ]
      }
    },
    {
      "710": {
        "ind1": "2",
        "ind2": "\\",
        "subfields": [
          {
            "a": "Worldwatch Institute."
          }
        ]
      }
    },
    {
      "830": {
        "ind1": "\\",
        "ind2": "2",
        "subfields": [
          {
            "a": "A World watch Institute book."
          }
        ]
      }
    },
    {
      "994": {
        "ind1": "\\",
        "ind2": "\\",
        "subfields": [
          {
            "a": "Z0"
          },
          {
            "b": "NYRVC"
          }
        ]
      }
    },
    {
      "948": {
        "ind1": "\\",
        "ind2": "\\",
        "subfields": [
          {
            "h": "NO HOLDINGS IN NYRVC - 907 OTHER HOLDINGS"
          }
        ]
      }
    },
    {
      "999": {
        "ind1": "\\",
        "ind2": "\\",
        "subfields": [
          {
            "a": "00000000011842"
          }
        ]
      }
    }
  ]
}